#This conference article provides a brief description of the algorithm and describes some basic experiments
@inproceedings{icar,
       author = {Krajn{\'\i}k, T. and Nitsche, M.},
       title = {{External Localization System for Mobile Robotics}},
       booktitle = {{Proceedings of 2013 IEEE International Conference on Advanced Robotic}},
       publisher = {IEEE},
       address = {Montevideo},
       year = {2013},
       language = {English}
       note = {to appear on Nov 2013}
}

@article{jint,
       author = {Krajn{\'\i}k, T. and Nitsche, M.},
       title = {{A Practical Multirobot Localization System}},
       journal = {{Journal of Intelligent and Robotic Systems}},
       publisher={Springer}
       year = {2013},
       language = {English}
       note = {in review}
}
